@ARTICLE{lamport:paxos,
	AUTHOR = "Leslie Lamport",
	TITLE = "The Part-Time Parliament",
	JOURNAL = "ACM Trans. Comp. Sys.",
	VOLUME = {16},
	NUMBER = {2},
	PAGES = {133-169},
	MONTH = "May",
	YEAR = {1998}	}

@MISC{gamepapers,
	AUTHOR = "Dr. Karsten Schwan",
	TITLE = "The Part-Time Parliament",
	MONTH = "February",
	YEAR = {2008},
	NOTE = "\texttt{http://www.cc.gatech.edu/classes/AY2008/ \\ cs7210\_spring/\#\_Gaming\_Papers}"}
